<?xml version="1.0" encoding="UTF-8"?><collection xmlns="http://www.loc.gov/MARC21/slim"><record><leader>00483nam--2200133-i-4500</leader><controlfield tag="001">000022421</controlfield><controlfield tag="002">20161230</controlfield><controlfield tag="005">20161230201034</controlfield><controlfield tag="008">060222s1000------------r-----000-0-eng-d</controlfield><datafield ind1=" " ind2=" " tag="080"><subfield code="a">546</subfield></datafield><datafield ind1=" " ind2=" " tag="100"><subfield code="a">Jager, Hans</subfield></datafield><datafield ind1=" " ind2=" " tag="245"><subfield code="a">Die relaxation der anfangssuszeptibilitat und ihre erholung bei nickel, untersucht an vielkristallinen proben nach verformen, abschrecken und neutronenbestrahlung</subfield></datafield><datafield ind1=" " ind2=" " tag="260"><subfield code="a">Stuttgart, Max-planck-institut Fur Metallforschung, 1963, /-17-29/ P</subfield></datafield><datafield ind1=" " ind2=" " tag="852"><subfield code="a">20793</subfield></datafield></record></collection>